@article{murray1997mortality,
  title={Mortality by cause for eight regions of the world: Global Burden of Disease Study},
  author={Murray, Christopher JL and Lopez, Alan D},
  journal={The lancet},
  volume={349},
  number={9061},
  pages={1269--1276},
  year={1997},
  publisher={Elsevier}
},

@article{desantis2019breast,
  title={Breast cancer statistics, 2019},
  author={DeSantis, Carol E and Ma, Jiemin and Gaudet, Mia M and Newman, Lisa A and Miller, Kimberly D and Goding Sauer, Ann and Jemal, Ahmedin and Siegel, Rebecca L},
  journal={CA: a cancer journal for clinicians},
  volume={69},
  number={6},
  pages={438--451},
  year={2019},
  publisher={Wiley Online Library}
}, 

@incollection{vogel2018epidemiology,
  title={Epidemiology of breast cancer},
  author={Vogel, Victor G},
  booktitle={The breast},
  pages={207--218},
  year={2018},
  publisher={Elsevier}
}, 

@article{dalamaga2014resistin,
  title={Resistin as a biomarker linking obesity and inflammation to cancer: potential clinical perspectives},
  author={Dalamaga, Maria},
  journal={Biomarkers in medicine},
  volume={8},
  number={1},
  pages={107--118},
  year={2014},
  publisher={Future Medicine}
},

@article{crisostomo2016hyperresistinemia,
  title={Hyperresistinemia and metabolic dysregulation: a risky crosstalk in obese breast cancer},
  author={Crisostomo, Joana and Matafome, Paulo and Santos-Silva, Daniela and Gomes, Ana L and Gomes, Manuel and Patr{\'\i}cio, Miguel and Letra, Liliana and Sarmento-Ribeiro, Ana B and Santos, Lelita and Sei{\c{c}}a, Raquel},
  journal={Endocrine},
  volume={53},
  number={2},
  pages={433--442},
  year={2016},
  publisher={Springer}
}